@article{church1936,
    author = {Church, Alonzo},
    title = {An Unsolvable Problem of Elementary Number Theory},
    journal = {American Journal of Mathematics},
    volume = {58},
    number = {2},
    year = {1936},
    pages = {345--363}
}

@article{kozen1981,
    author = {Kozen, Dexter},
    title = {Semantics of Probabilistic Programs},
    journal = {Journal of Computer and System Sciences},
    volume = {22},
    number = {3},
    year = {1981},
    pages = {328--350}
}

@article{milner1992,
    author = {Milner, Robin and Parrow, Joachim and Walker, David},
    title = {A Calculus of Mobile Processes, I},
    journal = {Information and Computation},
    volume = {100},
    number = {1},
    year = {1992},
    pages = {1--40}
}
