@article{church1940formulation,
  title={A formulation of the simple theory of types},
  author={Church, Alonzo},
  journal={Journal of Symbolic Logic},
  volume={5},
  number={2},
  pages={56--68},
  year={1940},
  publisher={Cambridge University Press}
}

@book{lambek1986categorical,
  title={Introduction to higher order categorical logic},
  author={Lambek, Joachim and Scott, Philip J.},
  year={1986},
  publisher={Cambridge University Press}
}

@article{maclane1963natural,
  title={Natural associativity and commutativity},
  author={Mac Lane, Saunders},
  journal={Rice University Studies},
  volume={49},
  number={4},
  pages={28--46},
  year={1963}
}

@inproceedings{martinlof1975intuitionistic,
  title={An intuitionistic theory of types: predicative part},
  author={Martin-L{\"o}f, Per},
  booktitle={Logic Colloquium '73},
  pages={73--118},
  year={1975},
  publisher={North-Holland}
}

@inproceedings{coquand1988calculus,
  title={The calculus of constructions},
  author={Coquand, Thierry and Huet, G{\'e}rard},
  booktitle={Proceedings of the Symposium on Logic in Computer Science (LICS)},
  pages={266--278},
  year={1988},
  organization={IEEE}
}

@article{lawvere1970quantifiers,
  title={Quantifiers and sheaves},
  author={Lawvere, F. William},
  journal={Actes du Congr{\`e}s International des Math{\'e}maticiens},
  volume={1},
  pages={329--334},
  year={1970}
}

@article{street1972two,
  title={The formal theory of monads},
  author={Street, Ross},
  journal={Journal of Pure and Applied Algebra},
  volume={2},
  number={2},
  pages={149--168},
  year={1972}
}

@article{kozen1981semantics,
  title={Semantics of probabilistic programs},
  author={Kozen, Dexter},
  journal={Journal of Computer and System Sciences},
  volume={22},
  number={3},
  pages={328--350},
  year={1981},
  publisher={Elsevier}
}

@inproceedings{giry1982categorical,
  title={A categorical approach to probability theory},
  author={Giry, Mich{\`e}le},
  booktitle={Categorical Aspects of Topology and Analysis},
  pages={68--85},
  year={1982},
  organization={Springer}
}

@article{adams2020foundations,
  title={Foundations of probabilistic programming in type theory},
  author={Adams, Robin and Ahrens, Benedikt and Bauer, Andrej and others},
  journal={Logical Methods in Computer Science},
  volume={16},
  number={4},
  pages={1--29},
  year={2020}
}

@book{milner1980calculus,
  title={A Calculus of Communicating Systems},
  author={Milner, Robin},
  volume={92},
  year={1980},
  publisher={Springer}
}

@book{milner1999communicating,
  title={Communicating and Mobile Systems: The $\pi$-Calculus},
  author={Milner, Robin},
  year={1999},
  publisher={Cambridge University Press}
}

@inproceedings{gordon2014probabilistic,
  title={Probabilistic programming},
  author={Gordon, Andrew D. and Henzinger, Thomas A. and others},
  booktitle={Proceedings of the Future of Software Engineering},
  pages={167--181},
  year={2014},
  organization={ACM}
}

@article{goodman2014design,
  title={The design and implementation of probabilistic programming languages},
  author={Goodman, Noah D. and Stuhlmüller, Andreas},
  journal={arXiv preprint arXiv:1401.3301},
  year={2014}
}

@inproceedings{van2018introduction,
  title={An introduction to probabilistic programming},
  author={van de Meent, Jan-Willem and Paige, Brooks and Yang, Hongseok and Wood, Frank},
  booktitle={Proceedings of the International Joint Conference on Artificial Intelligence (IJCAI)},
  pages={4365--4371},
  year={2018}
}

@inproceedings{bertot2004interactive,
  title={Interactive Theorem Proving and Program Development: Coq’Art},
  author={Bertot, Yves and Castéran, Pierre},
  booktitle={Text in Theoretical Computer Science},
  year={2004},
  publisher={Springer}
}

@article{norell2009dependently,
  title={Dependently typed programming in Agda},
  author={Norell, Ulf},
  journal={Lecture Notes in Computer Science},
  volume={5674},
  pages={230--266},
  year={2009},
  publisher={Springer}
}

@article{fritz2020synthetic,
  title={A synthetic approach to Markov kernels, conditional independence, and theorems on sufficient statistics},
  author={Fritz, Tobias},
  journal={Advances in Mathematics},
  volume={370},
  pages={107239},
  year={2020},
  publisher={Elsevier}
}

@article{jacobs2015new,
  title={A new look at probability: coalgebra and monads},
  author={Jacobs, Bart and Mandemaker, Jorik},
  journal={Mathematical Structures in Computer Science},
  volume={25},
  number={3},
  pages={651--680},
  year={2015},
  publisher={Cambridge University Press}
}
@book{barendregt1984lambda,
  title     = {The Lambda Calculus: Its Syntax and Semantics},
  author    = {Barendregt, Henk},
  series    = {Studies in Logic and the Foundations of Mathematics},
  volume    = {103},
  publisher = {North-Holland},
  year      = {1984},
  edition   = {Revised}
}

@book{pierce2002types,
  title     = {Types and Programming Languages},
  author    = {Pierce, Benjamin C.},
  publisher = {MIT Press},
  year      = {2002}
}

@book{awodey2010category,
  title     = {Category Theory},
  author    = {Awodey, Steve},
  series    = {Oxford Logic Guides},
  volume    = {52},
  publisher = {Oxford University Press},
  year      = {2010},
  edition   = {2nd}
}

@article{moggi1991notions,
  title   = {Notions of Computation and Monads},
  author  = {Moggi, Eugenio},
  journal = {Information and Computation},
  volume  = {93},
  number  = {1},
  pages   = {55--92},
  year    = {1991},
  publisher = {Elsevier}
}

@book{girard1987linear,
  title     = {Proofs and Types},
  author    = {Girard, Jean-Yves and Lafont, Yves and Taylor, Paul},
  publisher = {Cambridge University Press},
  year      = {1987}
}

@article{milner1992calculus,
  title   = {A Calculus of Mobile Processes, I},
  author  = {Milner, Robin and Parrow, Joachim and Walker, David},
  journal = {Information and Computation},
  volume  = {100},
  number  = {1},
  pages   = {1--40},
  year    = {1992},
  publisher = {Elsevier}
}
